<record><leader>00000cas a2200000 a 4500</leader><controlfield tag="001">16563127</controlfield><controlfield tag="008">870825d18341834nyudn ne      0    0eng c</controlfield><datafield ind1=" " ind2=" " tag="010"><subfield code="a">sn 87070124 </subfield></datafield><datafield ind1=" " ind2=" " tag="040"><subfield code="a">NYS</subfield><subfield code="b">eng</subfield><subfield code="c">NYS</subfield><subfield code="d">OCL</subfield><subfield code="d">NYS</subfield><subfield code="d">OCLCQ</subfield><subfield code="d">OCLCF</subfield><subfield code="d">OCLCO</subfield></datafield><datafield ind1=" " ind2=" " tag="042"><subfield code="a">pcc</subfield></datafield><datafield ind1=" " ind2=" " tag="043"><subfield code="a">n-us-ny</subfield></datafield><datafield ind1="0" ind2=" " tag="130"><subfield code="a">Troy daily budget (Troy, N.Y. : 1834)</subfield></datafield><datafield ind1="1" ind2="0" tag="245"><subfield code="a">Troy daily budget.</subfield></datafield><datafield ind1="1" ind2=" " tag="246"><subfield code="i">Issued on July 2, 1834 as:</subfield><subfield code="a">Troy budget</subfield></datafield><datafield ind1=" " ind2=" " tag="260"><subfield code="a">Troy, N.Y. :</subfield><subfield code="b">Kemble &amp; Hooper,</subfield><subfield code="c">1834.</subfield></datafield><datafield ind1=" " ind2=" " tag="300"><subfield code="a">1 v.</subfield></datafield><datafield ind1=" " ind2=" " tag="310"><subfield code="a">Daily (except Sundays and holidays)</subfield></datafield><datafield ind1="0" ind2=" " tag="362"><subfield code="a">Vol. 38, new ser. v. 10, no. 1 (July 2, 1834)-v. 39, new ser. v. 10, no. 154 (Dec. 31, 1834).</subfield></datafield><datafield ind1=" " ind2=" " tag="515"><subfield code="a">Assumed volume numbering from semiweekly ed.</subfield></datafield><datafield ind1=" " ind2=" " tag="580"><subfield code="a">Also published a weekly and semiweekly ed.</subfield></datafield><datafield ind1=" " ind2="0" tag="651"><subfield code="a">Troy (N.Y.)</subfield><subfield code="v">Newspapers.</subfield></datafield><datafield ind1=" " ind2="0" tag="651"><subfield code="a">Rensselaer County (N.Y.)</subfield><subfield code="v">Newspapers.</subfield></datafield><datafield ind1=" " ind2="7" tag="655"><subfield code="a">Newspapers.</subfield><subfield code="2">fast</subfield><subfield code="0">(OCoLC)fst01423814</subfield></datafield><datafield ind1=" " ind2="7" tag="651"><subfield code="a">New York (State)</subfield><subfield code="z">Rensselaer County.</subfield><subfield code="2">fast</subfield><subfield code="0">(OCoLC)fst01211827</subfield></datafield><datafield ind1=" " ind2="7" tag="651"><subfield code="a">New York (State)</subfield><subfield code="z">Troy.</subfield><subfield code="2">fast</subfield><subfield code="0">(OCoLC)fst01202806</subfield></datafield><datafield ind1=" " ind2=" " tag="752"><subfield code="a">United States</subfield><subfield code="b">New York</subfield><subfield code="c">Rensselaer</subfield><subfield code="d">Troy.</subfield></datafield><datafield ind1="1" ind2=" " tag="775"><subfield code="t">Troy budget (Troy, N.Y. : Weekly)</subfield><subfield code="w">(DLC)sn 85026769</subfield><subfield code="w">(OCoLC)12544997</subfield></datafield><datafield ind1="1" ind2=" " tag="775"><subfield code="t">Troy budget (Troy, N.Y. : Semiweekly)</subfield><subfield code="w">(DLC)sn 83031805</subfield><subfield code="w">(OCoLC)9980240</subfield></datafield></record>